<?xml version="1.0" encoding="UTF-8"?><collection xmlns="http://www.loc.gov/MARC21/slim"><record><leader>00643nam--2200193-i-4500</leader><controlfield tag="001">000020442</controlfield><controlfield tag="002">20161230</controlfield><controlfield tag="005">20161230201033</controlfield><controlfield tag="008">060222s1000------------r-----000-0-ger-d</controlfield><datafield ind1=" " ind2=" " tag="040"><subfield code="a">IFIN-HH</subfield></datafield><datafield ind1=" " ind2=" " tag="041"><subfield code="a">ger</subfield></datafield><datafield ind1=" " ind2=" " tag="080"><subfield code="a">543.423</subfield></datafield><datafield ind1="1" ind2=" " tag="100"><subfield code="a">Ritschl, Rudolf</subfield></datafield><datafield ind1="1" ind2="0" tag="245"><subfield code="a">Emissionsspektroscopie</subfield><subfield code="b">Tagung vernstaltet von der physikalischen gesellschaft in dr deutschen demokratischen republik und der deutschen akademie der wissenschaften zu berlin</subfield><subfield code="c">Rudolf ritschl; gottfried houlst</subfield></datafield><datafield ind1=" " ind2=" " tag="260"><subfield code="a">Berlin</subfield><subfield code="b">Akademie-verlag</subfield><subfield code="c">1964</subfield></datafield><datafield ind1=" " ind2=" " tag="300"><subfield code="a">411 P</subfield></datafield><datafield ind1="1" ind2=" " tag="700"><subfield code="a">Holdt, Gottfried</subfield></datafield><datafield ind1=" " ind2=" " tag="852"><subfield code="a">20654</subfield><subfield code="c">535.33</subfield></datafield><datafield ind1=" " ind2=" " tag="CAT"><subfield code="a">Sys</subfield><subfield code="c">20101202</subfield><subfield code="h">132131</subfield></datafield></record></collection>